@misc{gplv3,
    author       = {Free Software Foundation},
    title        = {{GNU} {G}eneral {P}ublic {L}icense},
    version      = {3},
	howpublished = {\url{http://www.gnu.org/licenses/gpl.html}},
    shorthand    = {GPL},
}

@misc{Turing_1953a, 
	title={Digital computers applied to games. Faster than thought, 101,},
	author={Turing, Alan M}, 
	year={1953}
} 

@misc{1712.01815,
Author = {David Silver and Thomas Hubert and Julian Schrittwieser and Ioannis Antonoglou and Matthew Lai and Arthur Guez and Marc Lanctot and Laurent Sifre and Dharshan Kumaran and Thore Graepel and Timothy Lillicrap and Karen Simonyan and Demis Hassabis},
Title = {Mastering Chess and Shogi by Self-Play with a General Reinforcement Learning Algorithm},
Year = {2017},
Eprint = {arXiv:1712.01815},
}

@misc{NemesisSystem, 
place={Uppsala},
title={The Nemesis System. How games create stories}, 
publisher={Uppsala Universitet}, 
author={Magnusson, Sofie and Hage, Elin and Parosu, Ioana}, 
year={2022}, 
month={Jun}
} 

@article{Alphago, 
title={Mastering the game of go with deep neural networks and Tree Search},
volume={529},
DOI={10.1038/nature16961}, 
number={7587}, 
journal={Nature}, 
author={Silver, David and Huang, Aja and Maddison, Chris J. and Guez, Arthur and Sifre, Laurent and van den Driessche, George and Schrittwieser, Julian and Antonoglou, Ioannis and Panneershelvam, Veda and Lanctot, Marc and et al.},
year={2016}, 
month={Jan}, 
pages={484–489}
} 

@article{CheckersSamuel1959,
  author={Samuel, A. L.},
  journal={IBM Journal of Research and Development}, 
  title={Some Studies in Machine Learning Using the Game of Checkers}, 
  year={1959},
  volume={3},
  number={3},
  pages={210-229},
  keywords={},
  doi={10.1147/rd.33.0210}
  }


@article{Atari2600,
  added-at = {2023-12-14T15:24:35.000+0100},
  author = {Mnih, Volodymyr and Kavukcuoglu, Koray and Silver, David and Rusu, Andrei A. and Veness, Joel and Bellemare, Marc G. and Graves, Alex and Riedmiller, Martin A. and Fidjeland, Andreas and Ostrovski, Georg and Petersen, Stig and Beattie, Charles and Sadik, Amir and Antonoglou, Ioannis and King, Helen and Kumaran, Dharshan and Wierstra, Daan and Legg, Shane and Hassabis, Demis},
  biburl = {https://www.bibsonomy.org/bibtex/27c6f54424f0d4672eae5411091b5bd95/admin},
  ee = {https://www.wikidata.org/entity/Q27907579},
  interhash = {eac59980357d99db87b341b61ef6645f},
  intrahash = {7c6f54424f0d4672eae5411091b5bd95},
  journal = {Nature},
  keywords = {},
  number = 7540,
  pages = {529-533},
  timestamp = {2023-12-14T15:24:35.000+0100},
  title = {Human-level control through deep reinforcement learning.},
  url = {http://dblp.uni-trier.de/db/journals/nature/nature518.html#MnihKSRVBGRFOPB15},
  volume = 518,
  year = 2015
}

@misc{OpenAIDota2,
Author = { OpenAI and  : and Christopher Berner and Greg Brockman and Brooke Chan and Vicki Cheung and Przemysław Dębiak and Christy Dennison and David Farhi and Quirin Fischer and Shariq Hashme and Chris Hesse and Rafal Józefowicz and Scott Gray and Catherine Olsson and Jakub Pachocki and Michael Petrov and Henrique P. d. O. Pinto and Jonathan Raiman and Tim Salimans and Jeremy Schlatter and Jonas Schneider and Szymon Sidor and Ilya Sutskever and Jie Tang and Filip Wolski and Susan Zhang},
Title = {Dota 2 with Large Scale Deep Reinforcement Learning},
Year = {2019},
Eprint = {arXiv:1912.06680},
}

@misc{StarCraftII, 
title={Alphastar: Grandmaster level in starcraft II using multi-agent reinforcement learning},
url={https://deepmind.google/discover/blog/alphastar-grandmaster-level-in-starcraft-ii-using-multi-agent-reinforcement-learning/}, 
journal={Google DeepMind}, 
author={team, The AlphaStar and Wünsch, Dario “TLO” and Schwimer, Diego “Kelazhur” and Komincz, Grzegorz “MaNa”},
year={2019}, 
month={Oct}
} 

@misc{Bokksu,
title={Pokémon Through the Ages: How Japan Created a Worldwide Phenomenon},
url={https://www.bokksu.com/blogs/news/pokemon-through-the-ages-how-japan-created-a-worldwide-phenomenon},
journal={Bokksu}
} 

@misc{FutureSightTotalBattleSituations,
title = {Future Sight Extras: Total Battle Situations},
url = {https://github.com/aed3/FSAI-Extras/tree/main/totalBattleSituations},
author = {aed3}
}


@phdthesis{GoComplexity,
title = "Searching for solutions in games and artificial intelligence",
author = "L.V. Allis",
year = "1994",
month = jan,
day = "1",
doi = "10.26481/dis.19940923la",
language = "English",
isbn = "9090074880",
publisher = "Rijksuniversiteit Limburg",
school = "Maastricht University",
}

@misc{2024PokemonWorldChampionshipsViewership,
title = {2024 Pokémon World Championships held the most popular Pokémon esports event ever},
url = {https://escharts.com/news/2024-pokemon-world-championships-viewership},
author = {Esports Charts}
}

@misc{PokemonRedAIAlgorithm,
title = {AI, Pokemon Red guide and walkthrough},
url = {https://gamefaqs.gamespot.com/gameboy/367023-pokemon-red-version/faqs/64175/ai},
author = {Zerokid}
}

@INPROCEEDINGS{ShowdownAICompetition,
  author={Lee, Scott and Togelius, Julian},
  booktitle={2017 IEEE Conference on Computational Intelligence and Games (CIG)}, 
  title={Showdown AI competition}, 
  year={2017},
  volume={},
  number={},
  pages={191-198},
  keywords={Games;Artificial intelligence;Conferences;Computational intelligence;Measurement;Electronic mail;Complexity theory},
  doi={10.1109/CIG.2017.8080435}}

  @misc{Percymon,
  title = {Percymon: A Pokemon Showdown Artifical Intelligence},
  author = {Harrison Ho, Varun Ramesh},
  year = {2014},
  url = {https://varunramesh.net/content/documents/cs221-final-report.pdf}
}

@INCOLLECTION{VGCDeepReinforcementLearning,
  title     = "Enhancing pok{\'e}mon {VGC} player performance: Intelligent
               agents through deep reinforcement learning and neuroevolution",
  booktitle = "Lecture Notes in Computer Science",
  author    = "Rodriguez, Gian and Villanueva, Edwin and Balde{\'o}n, Johan",
  publisher = "Springer Nature Switzerland",
  pages     = "275--294",
  series    = "Lecture notes in computer science",
  year      =  2024,
  address   = "Cham",
  copyright = "https://www.springernature.com/gp/researchers/text-and-data-mining",
  language  = "en"
}

@misc{Pokechamp,
Author = {Seth Karten and Andy Luu Nguyen and Chi Jin},
Title = {PokéChamp: an Expert-level Minimax Language Agent},
Year = {2025},
Eprint = {arXiv:2503.04094},
}

@INPROCEEDINGS{VGCAICompetition,

  author={Reis, Simão and Reis, Luís Paulo and Lau, Nuno},

  booktitle={2021 IEEE Conference on Games (CoG)}, 

  title={VGC AI Competition - A New Model of Meta-Game Balance AI Competition}, 

  year={2021},

  volume={},

  number={},

  pages={01-08},

  doi={10.1109/CoG52621.2021.9618985}}





